%% FELthesis: LaTeX class for both bachelor, master, and phd thesis
%% template.bib: bibliography file (UTF-8 encoding for biber)
%% (c) 2012 Vit Zyka, vit.zyka at seznam.cz
%%
%% 2012-12-19 v0.1 first version

@PREAMBLE{ "
  \def\BibTeX{{\rm B\kern-.05em{\sc i\kern-.025em b}\kern-.08em\relax\TeX}}
  " }


@ONLINE{ 1,
  TITLE  = {openFrameworks},
  %%AUTHOR = {Jackowski, Bogusław and Nowacki, Janusz M.},
  URL    = {http://openframeworks.cc},
  URLDATE= {2017-10-13},
}

@ONLINE{ 2,
  TITLE  = {ofxKinectV2},
  %%AUTHOR = {Jackowski, Bogusław and Nowacki, Janusz M.},
  URL    = {http://github.com/ofTheo/ofxKinectV2},
  URLDATE= {2017-9-13},
}

%@ARTICLE{ 1,
%  TITLE  = {},
 % AUTHOR = {},
  %JOURNALTITLE  = {},
  %YEAR   = {},
%% Optional:
%% translator, annotator, commentator, subtitle, titleaddon, editor,
%% editora, editorb, editorc, journalsubtitle, issuetitle, issuesubtitle, language,
%% origlanguage, series, volume, number, eid, issue, month, pages, version, note, issn,
%% addendum, pubstate, doi, eprint, eprintclass, eprinttype, url, urldate, date
%}

%@BOOK{ 2,
 % TITLE  = {},
  %AUTHOR = {},
%  YEAR   = {},
%% Optional:
%% editor, editora, editorb, editorc, translator, annotator,
%% commentator, introduction, foreword, afterword, subtitle, titleaddon, maintitle,
%% mainsubtitle, maintitleaddon, language, origlanguage, volume, part, edition,
%% volumes, series, number, note, publisher, location, isbn, chapter, pages, pagetotal,
%% addendum, pubstate, doi, eprint, eprintclass, eprinttype, url, urldate, date
%}

@MVBOOK{ 3, % multi-volume book
  TITLE  = {},
  AUTHOR = {},
  YEAR   = {},
%% Optional:
%% editor, editora, editorb, editorc, translator, annotator,
%% commentator, introduction, foreword, afterword, subtitle, titleaddon, language,
%% origlanguage, edition, volumes, series, number, note, publisher, location, isbn,
%% pagetotal, addendum, pubstate, doi, eprint, eprintclass, eprinttype, url, urldate,
%% date
}

@INBOOK{ 4, % part of a book
  TITLE  = {},
  AUTHOR = {},
  BOOKTITLE  = {},
  YEAR   = {},
%% Optional:
%% bookauthor, editor, editora, editorb, editorc, translator,
%% annotator, commentator, introduction, foreword, afterword, subtitle, titleaddon,
%% maintitle, mainsubtitle, maintitleaddon, booksubtitle, booktitleaddon, language,
%% origlanguage, volume, part, edition, volumes, series, number, note, publisher,
%% location, isbn, chapter, pages, addendum, pubstate, doi, eprint, eprintclass,
%% eprinttype, url, urldate, date
}

@BOOKINBOOK{ 5, % book published inside another book
  TITLE  = {},
  AUTHOR = {},
  BOOKTITLE  = {},
  YEAR   = {},
%% Optional:
%% bookauthor, editor, editora, editorb, editorc, translator,
%% annotator, commentator, introduction, foreword, afterword, subtitle, titleaddon,
%% maintitle, mainsubtitle, maintitleaddon, booksubtitle, booktitleaddon, language,
%% origlanguage, volume, part, edition, volumes, series, number, note, publisher,
%% location, isbn, chapter, pages, addendum, pubstate, doi, eprint, eprintclass,
%% eprinttype, url, urldate, date
}

@SUPPBOOK{ 6, % supplemental material in a book
  TITLE  = {},
  AUTHOR = {},
  BOOKTITLE  = {},
  YEAR   = {},
%% Optional:
%% bookauthor, editor, editora, editorb, editorc, translator,
%% annotator, commentator, introduction, foreword, afterword, subtitle, titleaddon,
%% maintitle, mainsubtitle, maintitleaddon, booksubtitle, booktitleaddon, language,
%% origlanguage, volume, part, edition, volumes, series, number, note, publisher,
%% location, isbn, chapter, pages, addendum, pubstate, doi, eprint, eprintclass,
%% eprinttype, url, urldate, date
}

@BOOKLET{ 7, % book-like work without a formal publisher
  TITLE  = {},
  AUTHOR = {},
  YEAR   = {},
%% Optional:
%% subtitle, titleaddon, language, howpublished, type, note, location,
%% chapter, pages, pagetotal, addendum, pubstate, doi, eprint, eprintclass, eprinttype,
%% url, urldate, date
}

@COLLECTION{ 8, % single-volume collection with multiple contributions by distinct authors
  TITLE  = {},
  EDITOR = {},
  YEAR   = {},
%% Optional:
%% editora, editorb, editorc, translator, annotator, commentator,
%% introduction, foreword, afterword, subtitle, titleaddon, maintitle, mainsubtitle,
%% maintitleaddon, language, origlanguage, volume, part, edition, volumes, series,
%% number, note, publisher, location, isbn, chapter, pages, pagetotal, addendum,
%% pubstate, doi, eprint, eprintclass, eprinttype, url, urldate, date
}

@MVCOLLECTION{ 9, % multi-volume collection
  TITLE  = {},
  EDITOR = {},
  YEAR   = {},
%% Optional:
%% editora, editorb, editorc, translator, annotator, commentator,
%% introduction, foreword, afterword, subtitle, titleaddon, language, origlanguage,
%% edition, volumes, series, number, note, publisher, location, isbn, pagetotal,
%% addendum, pubstate, doi, eprint, eprintclass, eprinttype, url, urldate, date
}

@INCOLLECTION{ 10, % contribution to the collection
  TITLE  = {},
  AUTHOR = {},
  BOOKTITLE  = {},
  EDITOR = {},
  YEAR   = {},
%% Optional:
%% editora, editorb, editorc, translator, annotator, commentator,
%% introduction, foreword, afterword, subtitle, titleaddon, maintitle, mainsubtitle,
%% maintitleaddon, booksubtitle, booktitleaddon, language, origlanguage, volume,
%% part, edition, volumes, series, number, note, publisher, location, isbn, chapter,
%% pages, addendum, pubstate, doi, eprint, eprintclass, eprinttype, url, urldate, date
}

@SUPPCOLLECTION{ 11, % supplemental material to the collection
  TITLE  = {},
  AUTHOR = {},
  BOOKTITLE  = {},
  EDITOR = {},
  YEAR   = {},
%% Optional:
%% editora, editorb, editorc, translator, annotator, commentator,
%% introduction, foreword, afterword, subtitle, titleaddon, maintitle, mainsubtitle,
%% maintitleaddon, booksubtitle, booktitleaddon, language, origlanguage, volume,
%% part, edition, volumes, series, number, note, publisher, location, isbn, chapter,
%% pages, addendum, pubstate, doi, eprint, eprintclass, eprinttype, url, urldate, date
}

@MANUAL{ 12, % (technical) documentation
  TITLE  = {},
  AUTHOR = {}, % or editor
  YEAR   = {},
%% Optional:
%% subtitle, titleaddon, language, edition, type, series, number,
%% version, note, organization, publisher, location, isbn, chapter, pages, pagetotal,
%% addendum, pubstate, doi, eprint, eprintclass, eprinttype, url, urldate, date
}



@MISC{ 13, % any other
  TITLE  = {A Dynamic Gesture and Posture Recognition System},
  AUTHOR = {K. Sgouropoulos, E. Stergiopoulou, N. Papamarkos}, % or editor
  YEAR   = {2014},
  %DOI = {10.1007/s10846-013-9983-7},%% Omissible:
%% author, editor, year
%% Optional:
%% subtitle, titleaddon, language, howpublished, type, version, note,
%% organization, location, date, month, year, addendum, pubstate, doi, eprint,
%% eprintclass, eprinttype, url, urldate
}

@ONLINE{ 14, % online resource
  TITLE  = {},
  AUTHOR = {}, % or editor
  YEAR   = {},
  URL    = {},
%% Omissible:
%% author, editor, year
%% Optional:
%% subtitle, titleaddon, language, version, note, organization, date,
%% month, year, addendum, pubstate, urldate
}

@PATENT{ 15,
  TITLE  = {},
  AUTHOR = {},
  NUMBER = {},
  YEAR   = {},
%% Optional:
%% holder, subtitle, titleaddon, type, version, location, note, date,
%% month, year, addendum, pubstate, doi, eprint, eprintclass, eprinttype, url, urldate
}

@PERIODICAL{ 16, % journal issue
  TITLE  = {},
  EDITOR = {},
  YEAR   = {},
%% Omissible:
%% editor
%% Optional:
%% editora, editorb, editorc, subtitle, issuetitle, issuesubtitle,
%% language, series, volume, number, issue, date, month, year, note, issn, addendum,
%% pubstate, doi, eprint, eprintclass, eprinttype, url, urldate
}

@SUPPPERIODICAL{ 17, % supplemental material to the journal
  TITLE  = {},
  EDITOR = {},
  YEAR   = {},
%% Omissible:
%% editor
%% Optional:
%% author, translator, annotator, commentator, subtitle, titleaddon,
%% editora, editorb, editorc, journalsubtitle, issuetitle, issuesubtitle, language,
%% origlanguage, series, volume, number, eid, issue, month, pages, version, note, issn,
%% addendum, pubstate, doi, eprint, eprintclass, eprinttype, url, urldate, date
}

@PROCEEDINGS{ 18, % single-volume conference proceedings
  TITLE  = {},
  EDITOR = {},
  YEAR   = {},
%% Omissible:
%% editor
%% Optional:
%% subtitle, titleaddon, maintitle, mainsubtitle, maintitleaddon,
%% eventtitle, eventdate, venue, language, volume, part, volumes, series, number, note,
%% organization, publisher, location, month, isbn, chapter, pages, pagetotal, addendum,
%% pubstate, doi, eprint, eprintclass, eprinttype, url, urldate, date
}

@MVPROCEEDINGS{ 19, % multi-volume conference proceedings
  TITLE  = {},
  EDITOR = {},
  YEAR   = {},
%% Omissible:
%% editor
%% Optional:
%% subtitle, titleaddon, eventtitle, eventdate, venue, language,
%% volumes, series, number, note, organization, publisher, location, month, isbn,
%% pagetotal, addendum, pubstate, doi, eprint, eprintclass, eprinttype, url, urldate,
%% date
}

@INPROCEEDINGS{ 20, % article in conference proceedings
  TITLE  = {},
  AUTHOR = {},
  BOOKTITLE  = {},
  EDITOR = {},
  YEAR   = {},
%% Optional:
%% subtitle, titleaddon, maintitle, mainsubtitle, maintitleaddon,
%% booksubtitle, booktitleaddon, eventtitle, eventdate, venue, language, volume, part,
%% volumes, series, number, note, organization, publisher, location, month, isbn,
%% chapter, pages, addendum, pubstate, doi, eprint, eprintclass, eprinttype, url,
%% urldate, date
}

@REFERENCE{ 21, % single-volume reference work like encyclopedia or dictionary
  TITLE  = {},
  EDITOR = {},
  YEAR   = {},
%% Optional:
%% editora, editorb, editorc, translator, annotator, commentator,
%% introduction, foreword, afterword, subtitle, titleaddon, maintitle, mainsubtitle,
%% maintitleaddon, language, origlanguage, volume, part, edition, volumes, series,
%% number, note, publisher, location, isbn, chapter, pages, pagetotal, addendum,
%% pubstate, doi, eprint, eprintclass, eprinttype, url, urldate, date
}

@MVREFERENCE{ 22, % multi-volume reference
  TITLE  = {},
  EDITOR = {},
  YEAR   = {},
%% Optional:
%% editora, editorb, editorc, translator, annotator, commentator,
%% introduction, foreword, afterword, subtitle, titleaddon, language, origlanguage,
%% edition, volumes, series, number, note, publisher, location, isbn, pagetotal,
%% addendum, pubstate, doi, eprint, eprintclass, eprinttype, url, urldate, date
}

@INREFERENCE{ 23, % contribution to the reference
  TITLE  = {},
  AUTHOR = {},
  BOOKTITLE  = {},
  EDITOR = {},
  YEAR   = {},
%% Optional:
%% editora, editorb, editorc, translator, annotator, commentator,
%% introduction, foreword, afterword, subtitle, titleaddon, maintitle, mainsubtitle,
%% maintitleaddon, booksubtitle, booktitleaddon, language, origlanguage, volume,
%% part, edition, volumes, series, number, note, publisher, location, isbn, chapter,
%% pages, addendum, pubstate, doi, eprint, eprintclass, eprinttype, url, urldate, date
}

@REPORT{ 24,
  TITLE  = {},
  AUTHOR = {},
  TYPE  = {},
  INSTITUTION = {},
  YEAR   = {},
%% Optional:
%% subtitle, titleaddon, language, number, version, note, location,
%% month, isrn, chapter, pages, pagetotal, addendum, pubstate, doi, eprint, eprintclass,
%% eprinttype, url, urldate, date
}

@THESIS{ 25,
  TITLE  = {},
  AUTHOR = {},
  TYPE  = {},
  INSTITUTION = {},
  YEAR   = {},
%% Optional:
%% subtitle, titleaddon, language, note, location, month, isbn, chapter,
%% pages, pagetotal, addendum, pubstate, doi, eprint, eprintclass, eprinttype, url,
%% urldate, date
}

@UNPUBLISHED{ 26,
  TITLE  = {},
  AUTHOR = {},
  YEAR   = {},
%% Optional:
%% subtitle, titleaddon, language, howpublished, note, location, isbn,
%% date, month, year, addendum, pubstate, url, urldate
}

\endinput
%%
%% End of file `template.bib'.
